@article{Kim2016,
	author = {Kim, Young Bin and Kim, Jun Gi and Kim, Wook and Im, Jae Ho and Kim, Tae Hyeong and Kang, Shin Jin and Kim, Chang Hun},
	journal = {PLoS ONE},
	number = {8},
	pages = {1--17},
	title = {{Predicting fluctuations in cryptocurrency transactions based on user comments and replies}},
	volume = {11},
	year = {2016}
}
@article{Rajab2017,
	author = {Rajab, Sharifa and Sharma, Vinod},
	journal = {Soft Computing},
	pages = {1--16},
	title = {{An interpretable neuro-fuzzy approach to stock price forecasting}},
	year = {2017}
}
@article{Wang2015,
	author = {Wang, Weina and Liu, Xiaodong},
	file = {:C$\backslash$:/Users/tatat/OneDrive/Documentos/Mendeley Desktop/Wang, Liu - 2015 - Fuzzy forecasting based on automatic clustering and axiomatic fuzzy set classification.pdf:pdf},
	journal = {Information Sciences},
	number = {2},
	pages = {78--94},
	publisher = {Elsevier Inc.},
	title = {{Fuzzy forecasting based on automatic clustering and axiomatic fuzzy set classification}},
	volume = {294},
	year = {2015}
}
@article{You2003,
	author = {You, Tyne},
	issn = {00410683},
	journal = {Operations Research},
	number = {October},
	pages = {332--336},
	title = {{Application of fuzzy logic to traffic signal control under mixed traffic conditions Newcastle upon}},
	volume = {44},
	year = {2003}
}
@article{Mehan2011,
	author = {Mehan, S},
	journal = {International Journal of Electronics {\&} Communication Technology},
	number = {3},
	pages = {119--122},
	title = {{Introduction of Traffic Light Controller with Fuzzy Control System}},
	volume = {2},
	year = {2011}
}
@article{Pappis1977,
	author = {Pappis, C. P. and Mamdani, Ebrahim H.},
	journal = {IEEE Transactions on Systems, Man and Cybernetics},
	number = {10},
	pages = {707--717},
	title = {{A Fuzzy Logic Controller for a Traffic Junction}},
	volume = {7},
	year = {1977}
}
@article{Nozaki1996,
	author = {Nozaki, Ken and Ishibuchi, Hisao and Tanaka, Hideo},
	journal = {IEEE Transactions on Fuzzy Systems},
	number = {3},
	pages = {238--250},
	title = {{Adaptive fuzzy rule-based classification systems}},
	volume = {4},
	year = {1996}
}
@article{Ishibuchi2001,
	author = {Ishibuchi, Hisao and Nakashima, Tomoharu},
	journal = {IEEE Transactions on Fuzzy Systems},
	number = {4},
	pages = {506--515},
	title = {{Effect of Rule Weights in Fuzzy Rule-Based}},
	volume = {9},
	year = {2001}
}

@article{White2015,
	author = {White, L. H.},
	journal = {The Cato Journal},
	volume = {35},
	pages = {383},
	title = {{The market for cryptocurrencies}},
	year = {2015}
}

@article{Fortin2012,
	author = {Fortin, F. and Rainville, F. and Gardner, M. and Parizeau, M. and Gagn√©, C.},
	journal = {Journal of Machine Learning Research},
	volume = {13},
	pages = {2171-2175},
	title = {{DEAP: Evolutionary Algorithms Made Easy}},
	year = {2012}
}
